@book{cleancode,
    Author = {Robert Cecil Martin},
    Edition = {1},
    Publisher = {Prentice Hall PTR},
    Title = {Clean Code: A Handbook of Agile Software Craftsmanship},
    Year = {2008}
}
